<record xmlns="http://www.loc.gov/MARC21/slim">
   <leader>01525cam a2200361 a 4500</leader>
   <controlfield tag="001">1373735</controlfield>
   <controlfield tag="005">19870430000000.0</controlfield>
   <controlfield tag="008">910507s1985    |||    e          0 eng c</controlfield>
   <datafield ind1=" " ind2=" " tag="035">
      <subfield code="a">ocm56255953</subfield>
   </datafield>
   <datafield ind1=" " ind2=" " tag="040">
      <subfield code="a">Caotmcl</subfield>
      <subfield code="b">eng</subfield>
   </datafield>
   <datafield ind1=" " ind2=" " tag="043">
      <subfield code="a">n-cn-sn</subfield>
   </datafield>
   <datafield ind1=" " ind2=" " tag="049">
      <subfield code="a">AEU</subfield>
      <subfield code="b">eng</subfield>
   </datafield>
   <datafield ind1=" " ind2="3" tag="055">
      <subfield code="a">N350</subfield>
      <subfield code="b">.S25 1985</subfield>
   </datafield>
   <datafield ind1=" " ind2="4" tag="082">
      <subfield code="a">704.0543</subfield>
   </datafield>
   <datafield ind1="0" ind2=" " tag="090">
      <subfield code="a">N 350 F692 1985</subfield>
   </datafield>
   <datafield ind1="0" ind2="0" tag="245">
      <subfield code="a">For the children :</subfield>
      <subfield code="b">25 years with the Saskatchewan Society for Education Through Art /</subfield>
      <subfield code="c">editor Margaret Messer.</subfield>
   </datafield>
   <datafield ind1=" " ind2=" " tag="260">
      <subfield code="a">[Saskatoon] :</subfield>
      <subfield code="b">The Society,</subfield>
      <subfield code="c">1985.</subfield>
   </datafield>
   <datafield ind1=" " ind2=" " tag="300">
      <subfield code="a">99 p. :</subfield>
      <subfield code="b">port. ;</subfield>
      <subfield code="c">23 cm.</subfield>
   </datafield>
   <datafield ind1=" " ind2=" " tag="336">
      <subfield code="a">text</subfield>
      <subfield code="b">txt</subfield>
      <subfield code="2">rdacontent</subfield>
   </datafield>
   <datafield ind1=" " ind2=" " tag="337">
      <subfield code="a">unmediated</subfield>
      <subfield code="b">n</subfield>
      <subfield code="2">rdamedia</subfield>
   </datafield>
   <datafield ind1=" " ind2=" " tag="338">
      <subfield code="a">volume</subfield>
      <subfield code="b">nc</subfield>
      <subfield code="2">rdacarrier</subfield>
   </datafield>
   <datafield ind1=" " ind2=" " tag="504">
      <subfield code="a">Bibliography: p. 99</subfield>
   </datafield>
   <datafield ind1=" " ind2=" " tag="590">
      <subfield code="a">University of Alberta copy in the Richard Spafford Western Canadian Legacy Collection.</subfield>
      <subfield code="5">CaAEU</subfield>
   </datafield>
   <datafield ind1=" " ind2=" " tag="596">
      <subfield code="a">38</subfield>
   </datafield>
   <datafield ind1="2" ind2="0" tag="610">
      <subfield code="a">Saskatchewan Society for Education Through Art</subfield>
      <subfield code="x">History.</subfield>
   </datafield>
   <datafield ind1=" " ind2="0" tag="650">
      <subfield code="a">Art in education</subfield>
      <subfield code="z">Saskatchewan</subfield>
      <subfield code="x">History.</subfield>
   </datafield>
   <datafield ind1=" " ind2="0" tag="650">
      <subfield code="a">Children's art.</subfield>
   </datafield>
   <datafield ind1=" " ind2="0" tag="650">
      <subfield code="a">Art</subfield>
      <subfield code="x">Study and teaching (Elementary)</subfield>
      <subfield code="z">Saskatchewan</subfield>
      <subfield code="x">History.</subfield>
   </datafield>
   <datafield ind1="1" ind2=" " tag="700">
      <subfield code="a">Messer, Margaret.</subfield>
   </datafield>
   <datafield ind1="2" ind2=" " tag="710">
      <subfield code="a">Saskatchewan Society for Education Through Art.</subfield>
   </datafield>
   <datafield ind1="0" ind2=" " tag="740">
      <subfield code="a">Twentyfive years with the Saskatchewan Society for Education Through Art.</subfield>
   </datafield>
   <datafield ind1=" " ind2=" " tag="926">
      <subfield code="a">N 350 F692 1985</subfield>
      <subfield code="w">LC</subfield>
      <subfield code="c">1</subfield>
      <subfield code="i">000036466803</subfield>
      <subfield code="d">12/24/2009</subfield>
      <subfield code="e">10/19/2009</subfield>
      <subfield code="l">ON_SHELF</subfield>
      <subfield code="m">UABARD</subfield>
      <subfield code="n">1</subfield>
      <subfield code="p">$150.00</subfield>
      <subfield code="r">Y</subfield>
      <subfield code="s">Y</subfield>
      <subfield code="t">BOOK</subfield>
      <subfield code="u">5/17/1991</subfield>
      <subfield code="o">.STAFF. A0033513</subfield>
   </datafield>
   <datafield ind1=" " ind2=" " tag="926">
      <subfield code="a">N 350 F692 1985</subfield>
      <subfield code="w">LC</subfield>
      <subfield code="c">2</subfield>
      <subfield code="i">0162031231531</subfield>
      <subfield code="l">ON_SHELF</subfield>
      <subfield code="m">UABARD</subfield>
      <subfield code="p">$150.00</subfield>
      <subfield code="r">Y</subfield>
      <subfield code="s">Y</subfield>
      <subfield code="t">NO_LOAN</subfield>
      <subfield code="u">7/23/2012</subfield>
      <subfield code="o">.STAFF. A0071653</subfield>
   </datafield>
</record>
